<record><leader>00000cas a22000007a 4500</leader><controlfield tag="001">31345114</controlfield><controlfield tag="008">941024d19671975azuwr ne      0    0eng d</controlfield><datafield ind1=" " ind2=" " tag="010"><subfield code="a">sn 94050889 </subfield></datafield><datafield ind1=" " ind2=" " tag="040"><subfield code="a">ANN</subfield><subfield code="b">eng</subfield><subfield code="c">ANN</subfield><subfield code="d">OCLCQ</subfield><subfield code="d">OCLCF</subfield><subfield code="d">OCLCO</subfield></datafield><datafield ind1="1" ind2=" " tag="029"><subfield code="a">AU@</subfield><subfield code="b">000011357747</subfield></datafield><datafield ind1=" " ind2=" " tag="032"><subfield code="a">567840</subfield><subfield code="b">USPS</subfield></datafield><datafield ind1=" " ind2=" " tag="042"><subfield code="a">msc</subfield></datafield><datafield ind1=" " ind2=" " tag="043"><subfield code="a">n-us-az</subfield></datafield><datafield ind1="0" ind2=" " tag="130"><subfield code="a">Eastern Arizona courier (Safford, Ariz. : 1967)</subfield></datafield><datafield ind1="1" ind2="0" tag="245"><subfield code="a">Eastern Arizona courier.</subfield></datafield><datafield ind1=" " ind2=" " tag="260"><subfield code="a">Safford, Ariz. :</subfield><subfield code="b">Copper Cities Communications Co.,</subfield><subfield code="c">1967-1975.</subfield></datafield><datafield ind1=" " ind2=" " tag="300"><subfield code="a">v. :</subfield><subfield code="b">ill.</subfield></datafield><datafield ind1=" " ind2=" " tag="310"><subfield code="a">Weekly</subfield></datafield><datafield ind1="0" ind2=" " tag="362"><subfield code="a">Vol. 2, no. 50 (Dec. 13, 1967)-v. 10, no. 15 (Ar. 9, 1975).</subfield></datafield><datafield ind1=" " ind2=" " tag="500"><subfield code="a">Includes supplements: The journal, Apr. 3-24, 1968, and: Copper cities news, May 1, 1968.</subfield></datafield><datafield ind1=" " ind2=" " tag="580"><subfield code="a">Merger of: Greenlee journal, and: Gila Valley shopper.</subfield></datafield><datafield ind1=" " ind2=" " tag="580"><subfield code="a">Merged with: Graham County guardian (Safford, Ariz. : 1971), to form: Eastern Arizona courier and Graham County guardian.</subfield></datafield><datafield ind1=" " ind2="0" tag="651"><subfield code="a">Safford (Ariz.)</subfield><subfield code="v">Newspapers.</subfield></datafield><datafield ind1=" " ind2="0" tag="651"><subfield code="a">Clifton (Ariz.)</subfield><subfield code="v">Newspapers.</subfield></datafield><datafield ind1=" " ind2="0" tag="651"><subfield code="a">Greenlee County (Ariz.)</subfield><subfield code="v">Newspapers.</subfield></datafield><datafield ind1=" " ind2="0" tag="651"><subfield code="a">Graham County (Ariz.)</subfield><subfield code="v">Newspapers.</subfield></datafield><datafield ind1=" " ind2="7" tag="655"><subfield code="a">Newspapers.</subfield><subfield code="2">fast</subfield><subfield code="0">(OCoLC)fst01423814</subfield></datafield><datafield ind1=" " ind2="7" tag="651"><subfield code="a">Arizona</subfield><subfield code="z">Clifton.</subfield><subfield code="2">fast</subfield><subfield code="0">(OCoLC)fst01283548</subfield></datafield><datafield ind1=" " ind2="7" tag="651"><subfield code="a">Arizona</subfield><subfield code="z">Graham County.</subfield><subfield code="2">fast</subfield><subfield code="0">(OCoLC)fst01212049</subfield></datafield><datafield ind1=" " ind2="7" tag="651"><subfield code="a">Arizona</subfield><subfield code="z">Greenlee County.</subfield><subfield code="2">fast</subfield><subfield code="0">(OCoLC)fst01212051</subfield></datafield><datafield ind1=" " ind2="7" tag="651"><subfield code="a">Arizona</subfield><subfield code="z">Safford.</subfield><subfield code="2">fast</subfield><subfield code="0">(OCoLC)fst01216944</subfield></datafield><datafield ind1=" " ind2=" " tag="752"><subfield code="a">United States</subfield><subfield code="b">Arizona</subfield><subfield code="c">Graham</subfield><subfield code="d">Safford.</subfield></datafield><datafield ind1="1" ind2="4" tag="780"><subfield code="t">Greenlee journal</subfield><subfield code="w">(DLC)sn 94050887</subfield></datafield><datafield ind1="1" ind2="4" tag="780"><subfield code="t">Gila Valley shopper</subfield></datafield><datafield ind1="1" ind2="7" tag="785"><subfield code="a">Graham County guardian (Safford, Ariz. : 1971)</subfield><subfield code="w">(DLC)sn 95060918</subfield></datafield><datafield ind1="1" ind2="7" tag="785"><subfield code="t">Eastern Arizona courier and Graham County guardian</subfield><subfield code="w">(DLC)sn 84050888</subfield><subfield code="w">(OCoLC)10722169</subfield></datafield></record>